<collection xmlns="http://www.loc.gov/MARC21/slim"><record><leader>00825nam  2200277   450</leader><controlfield tag="001">10</controlfield><controlfield tag="003">http://montalegre.opacnet.com/OPAC/default.aspx?ContentAreaControl=ShowRegHoldings.ascx&amp;RegNo=16662</controlfield><controlfield tag="005">20</controlfield><datafield tag="010" ind1=" " ind2=" "><subfield code="a">972-1-02662-2</subfield></datafield><datafield tag="021" ind1=" " ind2=" "><subfield code="a">PT</subfield><subfield code="b">25274/89</subfield></datafield><datafield tag="095" ind1=" " ind2=" "><subfield code="a">PTBN00127286</subfield></datafield><datafield tag="100" ind1=" " ind2=" "><subfield code="a">20061013d1989    m  y0pora010305  ba</subfield></datafield><datafield tag="101" ind1="1" ind2=" "><subfield code="a">por</subfield><subfield code="c">eng</subfield></datafield><datafield tag="102" ind1=" " ind2=" "><subfield code="a">PT</subfield></datafield><datafield tag="105" ind1=" " ind2=" "><subfield code="a">y   z   000ay</subfield></datafield><datafield tag="106" ind1=" " ind2=" "><subfield code="a">r</subfield></datafield><datafield tag="200" ind1="1" ind2=" "><subfield code="a">&lt;O &gt;clã do urso das cavernas</subfield><subfield code="f">Jean M. Auel</subfield><subfield code="g">trad. Sophie Pemberthy Vinga</subfield></datafield><datafield tag="205" ind1=" " ind2=" "><subfield code="a">2a ed</subfield></datafield><datafield tag="210" ind1=" " ind2=" "><subfield code="a">Mem Martins</subfield><subfield code="c">Europa-América</subfield><subfield code="d">D.L. 1989</subfield></datafield><datafield tag="215" ind1=" " ind2=" "><subfield code="a">527 p.</subfield><subfield code="d">21 cm</subfield></datafield><datafield tag="225" ind1="2" ind2=" "><subfield code="a">Nébula</subfield><subfield code="v">11)</subfield></datafield><datafield tag="304" ind1=" " ind2=" "><subfield code="a">Tít. orig.: The clan of the cave bear</subfield></datafield><datafield tag="675" ind1=" " ind2=" "><subfield code="a">821</subfield><subfield code="v">BN</subfield><subfield code="z">por</subfield></datafield><datafield tag="700" ind1=" " ind2="1"><subfield code="a">Auel</subfield><subfield code="b">Jean M</subfield><subfield code="f">1936</subfield></datafield><datafield tag="702" ind1=" " ind2="1"><subfield code="a">Vinga</subfield><subfield code="b">Sophie Penberthy</subfield><subfield code="4">730</subfield></datafield><datafield tag="801" ind1=" " ind2="0"><subfield code="a">PT</subfield><subfield code="b">Biblioteca Municipal de Montalegre</subfield><subfield code="g">RPC</subfield></datafield><datafield tag="909" ind1="&#9;" ind2=" "><subfield code="a">1</subfield></datafield><datafield tag="966" ind1=" " ind2=" "><subfield code="a">0010172</subfield><subfield code="l">BMM</subfield><subfield code="s">SCG 821 AUE clã 11</subfield></datafield></record></collection>